
@inproceedings{hullermeier_fuzzy_2009,
	title = {A Fuzzy Variant of the Rand Index for Comparing Clustering Structures},
	abstract = {In this paper, we introduce a fuzzy extension of the Rand index, a well-known measure for comparing two clustering structures. In contrast to an existing pro- posal, which is restricted to the comparison of a fuzzy partition with a non-fuzzy reference partition, our extension is able to compare two proper fuzzy partitions with each other. Elaborating on the formal properties of our fuzzy Rand index, we show that it exhibits desirable metrical properties.},
	eventtitle = {{IFSA}/{EUSFLAT} Conf},
	pages = {1294--1298},
	author = {Hüllermeier, Eyke and Rifqi, Maria},
	date = {2009-07-20},
	file = {Full Text PDF:C\:\\Users\\Azat\\Zotero\\storage\\GULQ5RBS\\Hüllermeier и Rifqi - 2009 - A Fuzzy Variant of the Rand Index for Comparing Cl.pdf:application/pdf},
}

@article{lancichinetti_benchmark_2008,
	title = {Benchmark graphs for testing community detection algorithms},
	volume = {78},
	issn = {1539-3755, 1550-2376},
	url = {https://link.aps.org/doi/10.1103/PhysRevE.78.046110},
	doi = {10.1103/PhysRevE.78.046110},
	pages = {046110},
	number = {4},
	journaltitle = {Physical Review E},
	shortjournal = {Phys. Rev. E},
	author = {Lancichinetti, Andrea and Fortunato, Santo and Radicchi, Filippo},
	urldate = {2021-03-24},
	date = {2008-10-24},
	langid = {english},
	file = {Отправленная версия:C\:\\Users\\Azat\\Zotero\\storage\\A8J7PFKB\\Lancichinetti и др. - 2008 - Benchmark graphs for testing community detection a.pdf:application/pdf},
}

@inproceedings{wen-bing_horng_driver_2004,
	location = {Taipei, Taiwan},
	title = {Driver fatigue detection based on eye tracking and dynamic template matching},
	isbn = {978-0-7803-8193-3},
	url = {https://ieeexplore.ieee.org/document/1297400/},
	doi = {10.1109/ICNSC.2004.1297400},
	eventtitle = {2004 {IEEE} International Conference on Networking, Sensing and Control},
	pages = {7--12},
	booktitle = {{IEEE} International Conference on Networking, Sensing and Control, 2004},
	publisher = {{IEEE}},
	author = {{Wen-Bing Horng} and {Chih-Yuan Chen} and {Yi Chang} and {Chun-Hai Fan}},
	urldate = {2021-03-24},
	date = {2004},
}

@inproceedings{singh_monitoring_1999,
	location = {Tokyo, Japan},
	title = {Monitoring driver fatigue using facial analysis techniques},
	isbn = {978-0-7803-4975-9},
	url = {http://ieeexplore.ieee.org/document/821073/},
	doi = {10.1109/ITSC.1999.821073},
	eventtitle = {1999 Intelligent Transportation Systems Conference},
	pages = {314--318},
	booktitle = {Proceedings 199 {IEEE}/{IEEJ}/{JSAI} International Conference on Intelligent Transportation Systems (Cat. No.99TH8383)},
	publisher = {{IEEE}},
	author = {Singh, S. and Papanikolopoulos, N.P.},
	urldate = {2021-03-24},
	date = {1999},
}

@article{phillips_fatigue_2017,
	title = {Fatigue in transport: a review of exposure, risks, checks and controls},
	volume = {37},
	issn = {0144-1647},
	url = {https://doi.org/10.1080/01441647.2017.1349844},
	doi = {10.1080/01441647.2017.1349844},
	shorttitle = {Fatigue in transport},
	abstract = {Human fatigue continues to threaten safe transport. There are claims that employers of operators should do more to mitigate the risks, and several regulators are promoting fatigue-risk management in the context of safety management systems ({SMS}). The current paper reviews fatigue-related risk and exposure factors and control measures for operators of land- and sea-based transport forms. Our review identifies 13 types of measures for the monitoring or control of fatigue risks: optimal staffing; optimal schedule design; optimisation of breaks/naps; monitoring of actual hours worked; optimisation of work content; monitoring and feedback of actual sleep; health screening and treatment; promotion of recovery from work; fitness-for-duty testing; monitoring of fatigue symptoms while operating; control of fatigue while operating; performance monitoring and assistance; and fatigue-proofing. We also identify two systemic measures needed to anchor risk mitigation in {SMS}: organisational learning and training/other. By structuring monitoring and control measures along Dawson and {McCulloch}’s [Managing fatigue: It’s about sleep. Sleep Medicine Reviews, 9(5), 365–380] fatigue-risk trajectory, a framework is obtained that acts as a guide for fatigue-risk management by transport employers. To inform transport managers further, evaluations are needed of the effectiveness of individual control measures as well as whole fatigue-risk management interventions.},
	pages = {742--766},
	number = {6},
	journaltitle = {Transport Reviews},
	author = {Phillips, Ross Owen and Kecklund, Göran and Anund, Anne and Sallinen, Mikael},
	urldate = {2021-03-24},
	date = {2017-11-02},
	note = {Publisher: Routledge
\_eprint: https://doi.org/10.1080/01441647.2017.1349844},
	keywords = {countermeasures, Erratum, Fatigue, organisation, rail, risk management, road, sea},
	file = {Snapshot:C\:\\Users\\Azat\\Zotero\\storage\\ET4ZYWGF\\01441647.2017.html:text/html},
}

@article{__2018,
	title = {Система определения усталости водителя},
	issn = {2541-8300},
	url = {https://www.elibrary.ru/item.asp?id=35350990},
	abstract = {В работе рассматривается автоматизированная система определения усталости водителя по частоте моргания глаз},
	number = {7},
	journaltitle = {Вестник Современных Исследований},
	author = {Шарафутдинова, А. Ф.},
	urldate = {2021-03-24},
	date = {2018},
	langid = {russian},
	keywords = {Видеокамера, Ик-Подсветка, Программное Обеспечение},
}

@book{__nodate,
	title = {Мониторинг и анализ профессиональных рисков в России и за рубежом},
	url = {https://www.elibrary.ru/item.asp?id=25710144},
	abstract = {В международной практике мониторинг рисков является краеугольным камнем систем управления производством. Задачами мониторинга профессиональной заболеваемости и травматизма являются анализ и оценка состояния здоровья и безопасности работающего населения с целью предотвращения и контроля производственных факторов риска и связанных с ними болезней и травм. В монографии представлен аналитический обзор систем мониторинга и оценки рисков в РФ и за рубежом, рассмотрены процедуры выявления и оценки потенциальных опасностей, индикаторы профессионального здоровья и гигиенического обеспечения условий труда, структурные переменные и классификаторы, используемые для унификации и документирования причин и обстоятельств производственного травматизма в ЕС и других странах мира. Представлен анализ критериев оценивания и оценки рисков реализации опасностей, возникающих в процессе профессиональной деятельности работников. Монография может представлять интерес для исследователей и практических работников, занимающихся вопросами безопасности и охраны труда, риск-аналитиков и риск-менеджеров в сфере управления безопасностью и охраной труда компаний и промышленных предприятий. Материалы книги могут быть полезны студентам направления подготовки 280700 «Техносферная безопасность» и других специальностей и направлений при изучении дисциплин, связанных с безопасностью, надзором и управлением охраной труда.},
	publisher = {Курганский государственный университет},
	author = {Левашов, Сергей Петрович},
	urldate = {2021-03-24},
	langid = {russian},
}

@online{noauthor__nodate,
	title = {Виды и причины несчастных случаев на производстве},
	url = {http://www.protrud.com/обучение/учебный-курс/виды-и-причины-несчастных-случаев-на-производстве/},
	abstract = {Виды несчастных случаев на производстве. Основные причины несчастных случаев на производстве.},
	titleaddon = {ОХРАНА ТРУДА},
	urldate = {2021-03-31},
	langid = {american},
	file = {Snapshot:C\:\\Users\\Azat\\Zotero\\storage\\A4574RQY\\виды-и-причины-несчастных-случаев-на-производстве.html:text/html},
}

@online{noauthor__nodate-1,
	title = {Склонность к несчастным случаям и факторы, ее обуславливающие {\textbar} Екстремальна та кризова психологія},
	url = {http://extrpsy.nuczu.edu.ua/statya18},
	urldate = {2021-03-31},
	file = {Склонность к несчастным случаям и факторы, ее обуславливающие | Екстремальна та кризова психологія:C\:\\Users\\Azat\\Zotero\\storage\\WWH82JU2\\statya18.html:text/html},
}

@online{noauthor__nodate-2,
	title = {Причины несчастных случаев - Охрана труда},
	url = {http://okhrana-truda.com/neschastnye-sluchai-i-professionalnye-zabolevaniya/prichiny-neschastnykh-sluchaev.html},
	urldate = {2021-03-31},
	file = {Причины несчастных случаев - Охрана труда:C\:\\Users\\Azat\\Zotero\\storage\\RE9XWS8Q\\prichiny-neschastnykh-sluchaev.html:text/html},
}

@online{noauthor__nodate-3,
	title = {Обязан ли работодатель выплачивать компенсацию работнику, получившему травму на производстве? - Управление персоналом},
	url = {https://www.top-personal.ru/lawissue.html?2294},
	urldate = {2021-03-31},
	file = {Обязан ли работодатель выплачивать компенсацию работнику, получившему травму на производстве? - Управление персоналом:C\:\\Users\\Azat\\Zotero\\storage\\3RWEIPUC\\lawissue.html:text/html},
}

@article{sikander_driver_2019,
	title = {Driver Fatigue Detection Systems: A Review},
	volume = {20},
	issn = {1524-9050, 1558-0016},
	url = {https://ieeexplore.ieee.org/document/8482470/},
	doi = {10.1109/TITS.2018.2868499},
	shorttitle = {Driver Fatigue Detection Systems},
	pages = {2339--2352},
	number = {6},
	journaltitle = {{IEEE} Transactions on Intelligent Transportation Systems},
	shortjournal = {{IEEE} Trans. Intell. Transport. Syst.},
	author = {Sikander, Gulbadan and Anwar, Shahzad},
	urldate = {2021-03-31},
	date = {2019-06},
}

@online{evijafeierabende__2017,
	title = {Главная причина травм на работе – легкомысленное отношение к безопасности},
	url = {https://www.balta.lv/ru/content/главная-причина-травм-на-работе-–-легкомысленное-отношение-к-безопасности},
	abstract = {За травмы, полученные на рабочих местах, в этом году до начала ноября выплачено возмещений более чем на 20 тыс. евро, свидетельствуют данные страхового общества {BALTA} (группа {PZU}). По сравнению с тем же периодом прошлого года количество несчастных случаев выросло на 40\%.},
	titleaddon = {www.balta.lv},
	type = {Text},
	author = {Evija.Feierabende},
	urldate = {2021-03-31},
	date = {2017-11-22},
	langid = {russian},
	note = {Last Modified: 2017-11-22T10:46+02:00},
	file = {Snapshot:C\:\\Users\\Azat\\Zotero\\storage\\UHS4JCZU\\главная-причина-травм-на-работе-–-легкомысленное-отношение-к-безопасности.html:text/html},
}

@online{noauthor_how_2020,
	title = {How machine learning helps in fatigue detection},
	url = {https://www.softwebsolutions.com/resources/fatigue-management-using-machine-learning-algorithms.html},
	abstract = {Detect fatige with machine learning in early stages to avoid further incidents. Read our blog post on real-time fatigue tracking using machine learning algorithms.},
	titleaddon = {softwebsolutions},
	urldate = {2021-03-31},
	date = {2020-01-03},
	langid = {american},
	note = {Section: Blogs},
	file = {Snapshot:C\:\\Users\\Azat\\Zotero\\storage\\N5MMEP9Y\\fatigue-management-using-machine-learning-algorithms.html:text/html},
}

@article{yadav_survey_2020,
	title = {A Survey on Fatigue Detection of Workers Using Machine Learning:},
	volume = {11},
	issn = {1947-315X, 1947-3168},
	url = {http://services.igi-global.com/resolvedoi/resolve.aspx?doi=10.4018/IJEHMC.2020070101},
	doi = {10.4018/IJEHMC.2020070101},
	shorttitle = {A Survey on Fatigue Detection of Workers Using Machine Learning},
	abstract = {In the software industry, where the quality of the output is based on human performance, fatigue can be a reason for performance degradation. Fatigue not only degrades quality, but is also a health risk factor. Sleep disorders, depression, and stress are all results of fatigue which can contribute to fatal problems. This article presents a comparative study of different techniques which can be used for detecting fatigue of programmers and data miners who spent lots of time in front of a computer screen. Machine learning can used for worker fatigue detection also, but there are some factors which are specific for software workers. One of such factors is screen illumination. Screen illumination is the light of the computer screen or laptop screen that is casted on the workers face and makes it difficult for the machine learning algorithm to extract the facial features. This article presents a comparative study of the techniques which can be used for general fatigue detection and identifies the best techniques.},
	pages = {1--8},
	number = {3},
	journaltitle = {International Journal of E-Health and Medical Communications},
	author = {Yadav, Nisha and Banerjee, Kakoli and Bali, Vikram},
	urldate = {2021-03-31},
	date = {2020-07},
	langid = {english},
	file = {Полный текст:C\:\\Users\\Azat\\Zotero\\storage\\C6J8QWQE\\Yadav и др. - 2020 - A Survey on Fatigue Detection of Workers Using Mac.pdf:application/pdf},
}

@article{david_f_dinges_perclos_nodate,
	title = {{PERCLOS}: A Valid Psychophysiological Measure of Alertness As Assessed by Psychomotor Vigilance},
	pages = {4},
	author = {{David F. Dinges} and {Richard Grace}},
	langid = {english},
	file = {dot_113_DS1.pdf:C\:\\Users\\Azat\\Zotero\\storage\\D6UADWBI\\dot_113_DS1.pdf:application/pdf},
}

@article{qiang_ji_real-time_2004,
	title = {Real-time nonintrusive monitoring and prediction of driver fatigue},
	volume = {53},
	issn = {1939-9359},
	doi = {10.1109/TVT.2004.830974},
	abstract = {This paper describes a real-time online prototype driver-fatigue monitor. It uses remotely located charge-coupled-device cameras equipped with active infrared illuminators to acquire video images of the driver. Various visual cues that typically characterize the level of alertness of a person are extracted in real time and systematically combined to infer the fatigue level of the driver. The visual cues employed characterize eyelid movement, gaze movement, head movement, and facial expression. A probabilistic model is developed to model human fatigue and to predict fatigue based on the visual cues obtained. The simultaneous use of multiple visual cues and their systematic combination yields a much more robust and accurate fatigue characterization than using a single visual cue. This system was validated under real-life fatigue conditions with human subjects of different ethnic backgrounds, genders, and ages; with/without glasses; and under different illumination conditions. It was found to be reasonably robust, reliable, and accurate in fatigue characterization.},
	pages = {1052--1068},
	number = {4},
	journaltitle = {{IEEE} Transactions on Vehicular Technology},
	author = {{Qiang Ji} and {Zhiwei Zhu} and Lan, P.},
	date = {2004-07},
	note = {Conference Name: {IEEE} Transactions on Vehicular Technology},
	keywords = {Fatigue, Cameras, Eyelids, Humans, Infrared imaging, Predictive models, Prototypes, Real time systems, Remote monitoring, Robustness},
	file = {IEEE Xplore Abstract Record:C\:\\Users\\Azat\\Zotero\\storage\\2MW9UR5L\\1317209.html:text/html;Полный текст:C\:\\Users\\Azat\\Zotero\\storage\\UWWHF29M\\Qiang Ji и др. - 2004 - Real-time nonintrusive monitoring and prediction o.pdf:application/pdf},
}

@online{noauthor_fatigue_detection_nodate,
	title = {fatigue\_detection (Dataset)},
	url = {https://kaggle.com/timmjy/fatigue-detection},
	abstract = {{UTA}-{RLDD} data set divided into training, test and validation},
	urldate = {2021-04-05},
	langid = {english},
	file = {Snapshot:C\:\\Users\\Azat\\Zotero\\storage\\WFYYEWGF\\fatigue-detection.html:text/html},
}

@online{noauthor_google_nodate,
	title = {Google Colaboratory},
	url = {https://colab.research.google.com/notebooks/welcome.ipynb?hl=ru},
	urldate = {2021-05-10},
	langid = {russian},
	file = {Snapshot:C\:\\Users\\Azat\\Zotero\\storage\\B8UAVD7M\\welcome.html:text/html},
}

@collection{kawulok_advances_2016,
	location = {Cham},
	title = {Advances in Face Detection and Facial Image Analysis},
	isbn = {978-3-319-25956-7 978-3-319-25958-1},
	url = {http://link.springer.com/10.1007/978-3-319-25958-1},
	publisher = {Springer International Publishing},
	editor = {Kawulok, Michal and Celebi, M. Emre and Smolka, Bogdan},
	urldate = {2021-05-06},
	date = {2016},
	langid = {english},
	doi = {10.1007/978-3-319-25958-1},
}

@article{bengio_convolutional_1997,
	title = {Convolutional Networks for Images, Speech, and Time-Series},
	abstract = {{INTRODUCTION} The ability of multilayer back-propagation networks to learn complex, high-dimensional, nonlinear mappings from large collections of examples makes them obvious candidates for image recognition or speech recognition tasks (see {PATTERN} {RECOGNITION} {AND} {NEURAL} {NETWORKS}). In the traditional model of pattern recognition, a hand-designed feature extractor gathers relevant information from the input and eliminates irrelevant variabilities. A trainable classifier then categorizes the resulting feature vectors (or strings of symbols) into classes. In this scheme, standard, fully-connected multilayer networks can be used as classifiers. A potentially more interesting scheme is to eliminate the feature extractor, feeding the network with "raw" inputs (e.g. normalized images), and to rely on backpropagation to turn the first few layers into an appropriate feature extractor. While this can be done with an ordinary fully connected feed-forward network with some success for tasks},
	author = {Bengio, Y. and Lecun, Yann},
	date = {1997-11-10},
	file = {Full Text PDF:C\:\\Users\\Azat\\Zotero\\storage\\5ARHMMXJ\\Bengio and Lecun - 1997 - Convolutional Networks for Images, Speech, and Tim.pdf:application/pdf},
}

@article{he_deep_2015,
	title = {Deep Residual Learning for Image Recognition},
	url = {http://arxiv.org/abs/1512.03385},
	abstract = {Deeper neural networks are more difficult to train. We present a residual learning framework to ease the training of networks that are substantially deeper than those used previously. We explicitly reformulate the layers as learning residual functions with reference to the layer inputs, instead of learning unreferenced functions. We provide comprehensive empirical evidence showing that these residual networks are easier to optimize, and can gain accuracy from considerably increased depth. On the {ImageNet} dataset we evaluate residual nets with a depth of up to 152 layers---8x deeper than {VGG} nets but still having lower complexity. An ensemble of these residual nets achieves 3.57\% error on the {ImageNet} test set. This result won the 1st place on the {ILSVRC} 2015 classification task. We also present analysis on {CIFAR}-10 with 100 and 1000 layers. The depth of representations is of central importance for many visual recognition tasks. Solely due to our extremely deep representations, we obtain a 28\% relative improvement on the {COCO} object detection dataset. Deep residual nets are foundations of our submissions to {ILSVRC} \& {COCO} 2015 competitions, where we also won the 1st places on the tasks of {ImageNet} detection, {ImageNet} localization, {COCO} detection, and {COCO} segmentation.},
	journaltitle = {{arXiv}:1512.03385 [cs]},
	author = {He, Kaiming and Zhang, Xiangyu and Ren, Shaoqing and Sun, Jian},
	urldate = {2021-04-12},
	date = {2015-12-10},
	eprinttype = {arxiv},
	eprint = {1512.03385},
	keywords = {Computer Science - Computer Vision and Pattern Recognition},
	file = {arXiv.org Snapshot:C\:\\Users\\Azat\\Zotero\\storage\\W76RBWQJ\\1512.html:text/html;arXiv Fulltext PDF:C\:\\Users\\Azat\\Zotero\\storage\\7KSGKYRG\\He и др. - 2015 - Deep Residual Learning for Image Recognition.pdf:application/pdf},
}

@online{noauthor__nodate-4,
	title = {Человеческий фактор как причина производственного травматизма {\textbar} Интерактивный портал Департамента труда и занятости населения Тюменской области},
	url = {https://czn.admtyumen.ru/News/Detail/7efb0823-7fee-4366-836e-5f4affa7f6d5},
	urldate = {2021-04-12},
	file = {Человеческий фактор как причина производственного травматизма | Интерактивный портал Департамента труда и занятости населения Тюменской области:C\:\\Users\\Azat\\Zotero\\storage\\ZVMF9YA5\\7efb0823-7fee-4366-836e-5f4affa7f6d5.html:text/html},
}

@online{noauthor_keras_nodate,
	title = {Keras: the Python deep learning {API}},
	url = {https://keras.io/},
	urldate = {2021-05-10},
	file = {Keras\: the Python deep learning API:C\:\\Users\\Azat\\Zotero\\storage\\S8S799BG\\keras.io.html:text/html},
}

@online{noauthor_tensorflow_nodate,
	title = {{TensorFlow}},
	url = {https://www.tensorflow.org/},
	urldate = {2021-05-10},
	file = {TensorFlow:C\:\\Users\\Azat\\Zotero\\storage\\CILLYM2R\\www.tensorflow.org.html:text/html},
}

@online{noauthor_home_nodate,
	title = {Home},
	url = {https://opencv.org/},
	abstract = {{OpenCV} provides a real-time optimized Computer Vision library, tools, and hardware. It also supports model execution for Machine Learning ({ML}) and Artificial Intelligence ({AI}).},
	titleaddon = {{OpenCV}},
	urldate = {2021-05-10},
	langid = {american},
}

@software{bairamovazat_bairamovazatneuralsetstorage_2021,
	title = {bairamovazat/{NeuralSetStorage}},
	url = {https://github.com/bairamovazat/NeuralSetStorage},
	abstract = {Contribute to bairamovazat/{NeuralSetStorage} development by creating an account on {GitHub}.},
	author = {bairamovazat},
	urldate = {2021-05-10},
	date = {2021-05-10},
	note = {original-date: 2020-10-07T03:34:25Z},
}

@online{noauthor_colaboratory_nodate,
	title = {Colaboratory – Google},
	url = {https://research.google.com/colaboratory/faq.html},
	urldate = {2021-05-10},
	file = {Colaboratory – Google:C\:\\Users\\Azat\\Zotero\\storage\\JGIWABQ4\\faq.html:text/html},
}
