
@article{fortunato_community_2010,
	title = {Community detection in graphs},
	volume = {486},
	pages = {75--174},
	journaltitle = {Phys. Rep.-Rev. Sec. Phys. Lett.},
	author = {Fortunato, S.},
	date = {2010},
}

@article{newman_finding_2004,
	title = {Finding and evaluating community structure in networks},
	volume = {69},
	pages = {026113},
	journaltitle = {Phys. Rev. E.},
	author = {Newman, M. E. J. and Girvan, M.},
	date = {2004},
}

@article{vehlow_visualizing_2013,
	title = {Visualizing Fuzzy Overlapping Communities in Networks},
	volume = {19},
	pages = {2486--2495},
	journaltitle = {{IEEE} Trans. Vis. Comput. Graph.},
	author = {Vehlow, C. and Reinhardt, T. and Weiskopf, D.},
	date = {2013},
}

@article{raghavan_near_2007,
	title = {Near linear time algorithm to detect community structures in large-scale networks},
	volume = {76},
	pages = {036106},
	journaltitle = {Phys. Rev E.},
	author = {Raghavan, U. and Albert, R. and Kumara, S.},
	date = {2007},
}

@article{subelj_robust_2011,
	title = {Robust network community detection using balanced propagation},
	volume = {81},
	pages = {353--362},
	journaltitle = {Eur. Phys. J. B.},
	author = {Šubelj, L. and Bajec, M.},
	date = {2011},
}

@article{lou_detecting_2013,
	title = {Detecting community structure using label propagation with weighted coherent neighborhood propinquity},
	volume = {392},
	pages = {3095--3105},
	journaltitle = {Physica A.},
	author = {Lou, H. and Li, S. and Zhao, Y.},
	date = {2013},
}

@article{clauset_finding_2004,
	title = {Finding community structure in very large networks},
	volume = {70},
	pages = {066111},
	journaltitle = {Phys. Rev. E.},
	author = {Clauset, A. and Newman, M. E. J. and Moore, C.},
	date = {2004},
}

@article{blondel_fast_2008,
	title = {Fast unfolding of communities in large networks},
	volume = {2008},
	pages = {P10008},
	journaltitle = {J. Stat. Mech.-Theory Exp.},
	author = {Blondel, V. D. and Guillaume, J. L. and Lambiotte, R. and Lefebvre, E.},
	date = {2008},
}

@article{sobolevsky_general_2014,
	title = {General optimization technique for high-quality community detection in complex networks},
	volume = {90},
	pages = {012811},
	journaltitle = {Phys. Rev. E.},
	author = {Sobolevsky, S. and Campari, R.},
	date = {2014},
}

@article{fortunato_resolution_2007,
	title = {Resolution limit in community detection},
	volume = {104},
	pages = {36--41},
	journaltitle = {Proc. Natl. Acad. Sci. U. S. A.},
	author = {Fortunato, S. and Barthelemy, M.},
	date = {2007},
}

@article{subelj_unfolding_2011,
	title = {Unfolding communities in large complex networks: Combining defensive and offensive label propagation for core extraction},
	volume = {83},
	pages = {036103},
	journaltitle = {Phys. Rev. E.},
	author = {Šubelj, L. and Bajec, M.},
	date = {2011},
}

@article{wang_detecting_2013,
	title = {Detecting communities by the core-vertex and intimate degree in complex networks},
	volume = {392},
	pages = {2555--2563},
	journaltitle = {Physica A.},
	author = {Wang, X. and Li, J.},
	date = {2013},
}

@article{li_detecting_2013,
	title = {Detecting overlapping communities by seed community in weighted complex networks},
	volume = {392},
	pages = {6125--6134},
	journaltitle = {Physica A.},
	author = {Li, J. and Wang, X. and Eustace, J.},
	date = {2013},
}

@article{fabio_profiling_2013,
	title = {Profiling core-periphery network structure by random walkers},
	volume = {3},
	pages = {1467},
	journaltitle = {Sci. Rep.},
	author = {Fabio, D. R. and Fabio, D. and Carlo, P.},
	date = {2013},
}

@article{chen_detecting_2013,
	title = {Detecting local community structure in complex networks based on local degree central nodes},
	volume = {392},
	pages = {529--537},
	journaltitle = {Physica A.},
	author = {Chen, Q. and Wu, T. T. and Fang, M.},
	date = {2013},
}

@article{zhang_identification_2007,
	title = {Identification of overlapping community structure in complex networks using fuzzy c-means clustering},
	volume = {374},
	pages = {483--490},
	journaltitle = {Physica A.},
	author = {Zhang, S. and Wang, R. and Zhang, X.},
	date = {2007},
}

@article{nepusz_fuzzy_2008,
	title = {Fuzzy communities and the concept of bridgeness in complex networks},
	volume = {77},
	pages = {016107},
	journaltitle = {Phys. Rev. E.},
	author = {Nepusz, T. and Petróczi, A. and Négyessy, L. and Bazsó, F.},
	date = {2008},
}

@article{fabricio_fuzzy_2013,
	title = {Fuzzy community structure detection by particle competition and cooperation},
	volume = {17},
	pages = {659--673},
	journaltitle = {Soft Comput.},
	author = {Fabricio, B. and Liang, Z.},
	date = {2013},
}

@article{sun_identification_2011,
	title = {Identification of overlapping and non-overlapping community structure by fuzzy clustering in complex networks},
	volume = {181},
	pages = {1060--1071},
	journaltitle = {Inf. Sci.},
	author = {Sun, P. and Gao, L. and Han, S.},
	date = {2011},
}

@article{wang_fuzzy_2013,
	title = {Fuzzy overlapping community detection based on local random walk and multidimensional scaling},
	volume = {392},
	pages = {6578--6586},
	journaltitle = {Physica A.},
	author = {Wang, W. and Liu, D. and Liu, X. and Pan, L.},
	date = {2013},
}

@article{psorakis_overlapping_2011,
	title = {Overlapping community detection using Bayesian non-negative matrix factorization},
	volume = {83},
	pages = {066114},
	journaltitle = {Phys. Rev. E.},
	author = {Psorakis, I. and Roberts, S. and Ebden, M. and Sheldon, B.},
	date = {2011},
}

@inproceedings{zhang_overlapping_2012,
	title = {Overlapping Community Detection via Bounded Nonnegative Matrix Tri-Factorization},
	pages = {606--614},
	booktitle = {In Proc. {ACM} {SIGKDD} Conf.},
	author = {Zhang, Y. and Yeung, D.},
	date = {2012},
}

@article{liu_fuzzy_2010,
	title = {Fuzzy modularity and fuzzy community structure in networks},
	volume = {77},
	pages = {547--557},
	journaltitle = {Eur. Phys. J. B.},
	author = {Liu, J.},
	date = {2010},
}

@article{havens_soft_2013,
	title = {A Soft Modularity Function For Detecting Fuzzy Communities in Social Networks},
	volume = {21},
	pages = {1170--1175},
	journaltitle = {{IEEE} Trans. Fuzzy Syst.},
	author = {Havens, T. C. and Bezdek, J. C. and Leckie, C., Ramamohanarao, K. and Palaniswami, M.},
	date = {2013},
}

@book{newman_network_2013,
	title = {Network data},
	url = {http://www-personal.umich.edu/ mejn/netdata/},
	author = {Newman, M. E. J.},
	date = {2013},
}

@article{subelj_ubiquitousness_2012,
	title = {Ubiquitousness of link-density and link-pattern communities in real-world networks},
	volume = {85},
	pages = {1--11},
	journaltitle = {Eur. Phys. J. B.},
	author = {Šubelj, L. and Bajec, M.},
	date = {2012},
}

@article{lancichinetti_benchmark_2008,
	title = {Benchmark graphs for testing community detection algorithms},
	volume = {78},
	pages = {046110},
	journaltitle = {Phys. Rev. E.},
	author = {Lancichinetti, A. and Fortunato, S. and Radicchi, F.},
	date = {2008},
}

@article{liu_detecting_2014,
	title = {Detecting Communities Based on Network Topology},
	volume = {4},
	pages = {5739},
	journaltitle = {Sci. Rep.},
	author = {Liu, W. and Pellegrini, M. and Wang, X.},
	date = {2014},
}

@article{danon_comparing_2005,
	title = {Comparing community structure identification},
	volume = {0},
	pages = {P09008},
	journaltitle = {J. Stat. Mech.-Theory Exp.},
	author = {Danon, L. and Diaz-Guilera, A. and Duch, J. and Arenas, A.},
	date = {2005},
}

@article{gregory_fuzzy_2011,
	title = {Fuzzy overlapping communities in networks},
	volume = {0},
	pages = {P02017},
	journaltitle = {J. Stat. Mech.-Theory Exp.},
	author = {Gregory, S.},
	date = {2011},
}

@article{lancichinetti_benchmarks_2009,
	title = {Benchmarks for testing community detection algorithms on directed and weighted graphs with overlapping communities},
	volume = {80},
	pages = {016118},
	journaltitle = {Phys. Rev. E.},
	author = {Lancichinetti, A. and Fortunato, S.},
	date = {2009},
}

@inproceedings{hullermeier_fuzzy_2009,
	title = {A Fuzzy Variant of the Rand Index for Comparing Clustering Structures},
	pages = {1294--1298},
	booktitle = {in Proc. {IFSA}/{EUSFLAT} Conf.},
	author = {Hullermeier, E. and Rifqi, M.},
	date = {2009},
}